<collection xmlns="http://www.loc.gov/MARC21/slim">
<record>
  <leader>00349na 0a22000851i 450 </leader>
  <controlfield tag="001">IT\ICCU\CNCE\057360</controlfield>
  <controlfield tag="005">20040413000000.0</controlfield>
  <datafield tag="100" ind1=" " ind2=" ">
    <subfield code="a">20040413             0itac0103    ba</subfield>
  </datafield>
  <datafield tag="200" ind1="1" ind2=" ">
    <subfield code="a">Acta generalis octaue Synodi sub Eugenio quarto Ferrarie incepte Florentie uero peracte, e Greco in Latinum nuper traducta, interprete Bartholomeo Abramo ...</subfield>
  </datafield>
  <datafield tag="801" ind1=" " ind2="3">
    <subfield code="a">IT</subfield>
    <subfield code="b">ICCU</subfield>
    <subfield code="c">20201115</subfield>
  </datafield>
</record>
</collection>
